
@article{mcgregor2011polynomial,
  title={Polynomial Fitting of Data Streams with Applications to Codeword Testing},
  author={McGregor, Andrew and Rudra, Atri and Uurtamo, Steve and others},
  journal={Leibniz International Proceedings in Informatics (LIPIcs) series},
  volume={9},
  pages={428--439},
  year={2011}
}
@article{DBLP:journals/corr/abs-1004-4601,
  author    = {Atri Rudra and
               Steve Uurtamo},
  title     = {Data Stream Algorithms for Codeword Testing},
  journal   = {CoRR},
  volume    = {abs/1004.4601},
  year      = {2010},
  ee        = {http://arxiv.org/abs/1004.4601},
  bibsource = {DBLP, http://dblp.uni-trier.de}
}
@article{rudra2010data,
  title={Data stream algorithms for codeword testing},
  author={Rudra, Atri and Uurtamo, Steve},
  journal={Automata, Languages and Programming},
  pages={629--640},
  year={2010},
  publisher={Springer}
}
@article{guruswami2005tolerant,
  title={Tolerant locally testable codes},
  author={Guruswami, Venkatesan and Rudra, Atri},
  journal={Approximation, Randomization and Combinatorial Optimization. Algorithms and Techniques},
  pages={608--608},
  year={2005},
  publisher={Springer}
}
@unpublished{uurtamo-proposal,
  author={Steve Uurtamo},
  title={Dissertation Proposal},
  note={},
  url={http://www.cse.buffalo.edu/~uurtamo/papers/diss_p.pdf}
}
@electronic{sublinear,
  title={Problem 57: Coding Theory in the Streaming Model},
  author={Atri Rudra},
  url={http://sublinear.info/57}
}
@article{DBLP:journals/eccc/GoldreichGR12,
  author    = {Oded Goldreich and
               Shafi Goldwasser and
               Dana Ron},
  title     = {On the possibilities and limitations of pseudodeterministic
               algorithms},
  journal   = {Electronic Colloquium on Computational Complexity (ECCC)},
  volume    = {19},
  year      = {2012},
  pages     = {101},
  ee        = {http://eccc.hpi-web.de/report/2012/101},
  bibsource = {DBLP, http://dblp.uni-trier.de}
}