@article{mcgregor2011polynomial,
  title={Polynomial Fitting of Data Streams with Applications to Codeword Testing},
  author={McGregor, Andrew and Rudra, Atri and Uurtamo, Steve and others},
  journal={Leibniz International Proceedings in Informatics (LIPIcs) series},
  volume={9},
  pages={428--439},
  year={2011}
}
@article{DBLP:journals/corr/abs-1004-4601,
  author    = {Atri Rudra and
               Steve Uurtamo},
  title     = {Data Stream Algorithms for Codeword Testing},
  journal   = {CoRR},
  volume    = {abs/1004.4601},
  year      = {2010},
  ee        = {http://arxiv.org/abs/1004.4601},
  bibsource = {DBLP, http://dblp.uni-trier.de}
}
@article{rudra2010data,
  title={Data stream algorithms for codeword testing},
  author={Rudra, Atri and Uurtamo, Steve},
  journal={Automata, Languages and Programming},
  pages={629--640},
  year={2010},
  publisher={Springer}
}
@article{guruswami2005tolerant,
  title={Tolerant locally testable codes},
  author={Guruswami, Venkatesan and Rudra, Atri},
  journal={Approximation, Randomization and Combinatorial Optimization. Algorithms and Techniques},
  pages={608--608},
  year={2005},
  publisher={Springer}
}
@unpublished{uurtamo-proposal,
  author={Steve Uurtamo},
  title={Dissertation Proposal},
  note={},
  url={http://www.cse.buffalo.edu/~uurtamo/papers/diss_p.pdf}
}
@electronic{sublinear,
  title={Problem 57: Coding Theory in the Streaming Model},
  author={Atri Rudra},
  url={http://sublinear.info/57}
}
@inproceedings{indyk2010efficiently,
  title={Efficiently decodable non-adaptive group testing},
  author={Indyk, Piotr and Ngo, Hung Q and Rudra, Atri},
  booktitle={Proceedings of the Twenty-First Annual ACM-SIAM Symposium on Discrete Algorithms},
  pages={1126--1142},
  year={2010},
  organization={Society for Industrial and Applied Mathematics}
}
@incollection{ganguly2008data,
  title={Data stream algorithms via expander graphs},
  author={Ganguly, Sumit},
  booktitle={Algorithms and Computation},
  pages={52--63},
  year={2008},
  publisher={Springer}
}
@inproceedings{gilbert2008group,
  title={Group testing and sparse signal recovery},
  author={Gilbert, Anna C and Iwen, Mark A and Strauss, Martin J},
  booktitle={Signals, Systems and Computers, 2008 42nd Asilomar Conference on},
  pages={1059--1063},
  year={2008},
  organization={IEEE}
}
@inproceedings{berinde2008combining,
  title={Combining geometry and combinatorics: A unified approach to sparse signal recovery},
  author={Berinde, Radu and Gilbert, Anna C and Indyk, Piotr and Karloff, H and Strauss, Martin J},
  booktitle={Communication, Control, and Computing, 2008 46th Annual Allerton Conference on},
  pages={798--805},
  year={2008},
  organization={IEEE}
}
@electronic{rudra709,
  title={CSE 709: Compressed Sensing and Group Testing, Part I (Fall 2011 Seminar)},
  author={Atri Rudra},
  url={http://www.cse.buffalo.edu/~hungngo/classes/2011/709/schedule.html}
}
@electronic{rudra709lec6,
  title={Efficient Decoding and List Group Testing},
  author={Hung Q. Ngo, Atri Rudra},
  url={http://www.cse.buffalo.edu/~hungngo/classes/2011/709/lectures/6.pdf}
}
@article{jafarpour2009efficient,
  title={Efficient and robust compressed sensing using optimized expander graphs},
  author={Jafarpour, Sina and Xu, Weiyu and Hassibi, Babak and Calderbank, Robert},
  journal={Information Theory, IEEE Transactions on},
  volume={55},
  number={9},
  pages={4299--4308},
  year={2009},
  publisher={IEEE}
}
@unpublished{aaditya-report,
  author={Aaditya Ramdas},
  title={Compressed Sensing, Group Testing and Matrix Completion in a Nutshell},
  note={},
  url={http://www.cs.cmu.edu/~aramdas/reports/IPLreport.pdf}
}
@article{cormode2005s,
  title={What's hot and what's not: tracking most frequent items dynamically},
  author={Cormode, Graham and Muthukrishnan, S},
  journal={ACM Transactions on Database Systems (TODS)},
  volume={30},
  number={1},
  pages={249--278},
  year={2005},
  publisher={ACM}
}
@book{du1993combinatorial,
  title={Combinatorial group testing and its applications},
  author={Du, Ding Zhu and Hwang, Frank},
  year={1993},
  publisher={World Scientific Publishing Company}
}
@article{ngo2000survey,
  title={A survey on combinatorial group testing algorithms with applications to DNA library screening},
  author={Ngo, Hung Q and Du, Ding-Zhu},
  journal={Discrete mathematical problems with medical applications},
  volume={55},
  pages={171--182},
  year={2000}
}
@article{berger1984random,
  title={Random multiple-access communication and group testing},
  author={Berger, Toby and Mehravari, Nader and Towsley, Don and Wolf, Jack},
  journal={Communications, IEEE Transactions on},
  volume={32},
  number={7},
  pages={769--779},
  year={1984},
  publisher={IEEE}
}
@article{macula2004group,
  title={A group testing method for finding patterns in data},
  author={Macula, Anthony J and Popyack, Leonard J},
  journal={Discrete applied mathematics},
  volume={144},
  number={1},
  pages={149--157},
  year={2004},
  publisher={Elsevier}
}
@inproceedings{goodrich2005indexing,
  title={Indexing information for data forensics},
  author={Goodrich, Michael T and Atallah, Mikhail J and Tamassia, Roberto},
  booktitle={Applied Cryptography and Network Security},
  pages={206--221},
  year={2005},
  organization={Springer}
}
@inproceedings{DBLP:conf/stacs/NgoPR12,
  author    = {Hung Q. Ngo and
               Ely Porat and
               Atri Rudra},
  title     = {Efficiently Decodable Compressed Sensing by List-Recoverable
               Codes and Recursion},
  booktitle = {STACS},
  year      = {2012},
  pages     = {230-241},
  ee        = {http://dx.doi.org/10.4230/LIPIcs.STACS.2012.230},
  crossref  = {DBLP:conf/stacs/2012},
  bibsource = {DBLP, http://dblp.uni-trier.de}
}
@electronic{cormodeDisStreams,
  title={Distributed Streams},
  author={Graham Cormode},
  url={www.cse.iitk.ac.in/users/sganguly/slides/cormode.ppt}
}
@incollection{cormode2006combinatorial,
  title={Combinatorial algorithms for compressed sensing},
  author={Cormode, Graham and Muthukrishnan, S},
  booktitle={Structural Information and Communication Complexity},
  pages={280--294},
  year={2006},
  publisher={Springer}
}
@inproceedings{iwen2008deterministic,
  title={A deterministic sub-linear time sparse fourier algorithm via non-adaptive compressed sensing methods},
  author={Iwen, Mark A},
  booktitle={Proceedings of the nineteenth annual ACM-SIAM symposium on Discrete algorithms},
  pages={20--29},
  year={2008},
  organization={Society for Industrial and Applied Mathematics}
}
